@book{happel,
author = "Dietr Happel",
title = "Triangulated Categories in the Representation Theory of Finite Dimensional Algebras",
year = "1988",
publisher = "Cambridge University press",
adress = "The Pitt Building, Trumpington Street, Cambridge CB2 1RP",
pages = "1-56"}

@book{weibel,
author = "Charles A. Weibel",
title = "An Introduction to Homological Algebra",
year = "1994",
publisher = "Cambridge University Press",
adress = "The Pitt Building, Trumpington Street, Cambridge CB2 1RP",
pages ="379-393"}

@book{riehl,
  author = {Emily Riehl},
  title = {Category Theory in Context},
  publisher = {Dover Publications},
  year = {2016},
  adress = {Dunno},
  pages = {}
}

@article{buhler,
  author = {Theo Bhuler},
  title = {Exact Categories},
  journal = {Expositiones Mathematicae},
  volume = {28},
  number = {1},
  year = {2010},
  pages = {1-69}
}

@article{keller,
  author = {Bernhard Keller},
  title = {Chain Complexes and Stable Categories},
  journal = {Manuscripta Mathematica},
  volume = {67},
  number = {1},
  year = {1990},
  pages = {379-417}
}

@book{neeman,
  author         = {Amnon Neeman},
  title = {Triangulated Categories},
  publisher = {Princeton University Press},
  year           = {2001},
  adress = {41 William Street, Princeton, New Jersey 08540}
}

@book{zisman,
author = {Peter Gabriel and Michel Zisman},
title = {Calculus of Fractions and Homotopy Theory},
year = {1967},
publisher      = {Springer-Verlag},
adress = {Berlin},
pages          = {6-20},
}

@book{maclane,
author = {Saunders MacLane},
title = {Categories for the Working Mathematician},
year = {1971},
publisher = {Springer-Verlag},
adress = {Berlin},
}