@book{happel,
author = {Happel, Dietr},
title = {Triangulated Categories in the Representation Theory of Finite Dimensional Algebras},
year = "1988",
publisher = "Cambridge University press",
adress = "The Pitt Building, Trumpington Street, Cambridge CB2 1RP",
pages = "1-56"}

@book{weibel,
author = {Weibel, Charles A.},
title = "An Introduction to Homological Algebra",
year = "1994",
publisher = "Cambridge University Press",
adress = "The Pitt Building, Trumpington Street, Cambridge CB2 1RP",
pages ="379-393"}

@book{riehl,
  author = {Riehl, Emily},
  title = {Category Theory in Context},
  publisher = {Dover Publications},
  year = {2016},
  adress = {},
  pages = {49-115}
}

@article{buhler,
  author = {Bhuler, Theo},
  title = {Exact Categories},
  journal = {Expositiones Mathematicae},
  volume = {28},
  number = {1},
  year = {2010},
  pages = {1-69}
}

@article{keller,
  author = {Keller, Bernhard},
  title = {Chain Complexes and Stable Categories},
  journal = {Manuscripta Mathematica},
  volume = {67},
  number = {1},
  year = {1990},
  pages = {379-417}
}

@book{neeman,
  author         = {Neeman, Amnon},
  title = {Triangulated Categories},
  publisher = {Princeton University Press},
  year           = {2001},
  adress = {41 William Street, Princeton, New Jersey 08540}
}

@book{zisman,
author = {Gabriel, Peter and Zisman, Michel},
title = {Calculus of Fractions and Homotopy Theory},
year = {1967},
publisher = {Springer-Verlag},
adress = {Berlin},
pages = {6-20},
}

@book{Mac71,
author = {MacLane, Saunders},
title = {Categories for the Working Mathematician},
year = {1971},
publisher = {Springer-Verlag},
adress = {Berlin},
pages = {31-51}
}

@article{May01,
  author          = {May, J. P.},
  title           = {The axioms for a triangulated category},
  journal         = {preprint},
  volume          = {},
  number          = {},
  year            = {2001}
}

@article{Hol12,
  author          = {Holdaway, Cody and Zatloukal, Kevin},
  title           = {The Stable Category of a Frobenius Category is Triangulated},
  journal         = {preprint},
  volume          = {},
  number          = {},
  year            = {2012}
}

@book{Rei95,
  author         = {Auslander, Maurice and Reiten, Idun and Smal√∏, Sverre O.},
  editor         = {},
  title          = {Representation Theory of Artin Algebras},
  publisher      = {Cambridge University Press},
  year           = {1995}
}

@misc{Mat20,
  author          = {Mathisen, Johan Vik},
  title           = {An Introduction to Triangulated Categories via the Stable Frobenius Category},
  journal         = {preprint},
  volume          = {},
  number          = {},
  year            = {2020},
  howpublished = {https://fagkom.wordpress.com/portfolio/johan-vik-mathisen/}
}

@misc{Kra12,
  author          = {Krause, Henning},
  title           = {Krull-Schmidt Categories and Projective Covers},
  journal         = {notes},
  volume          = {},
  number          = {},
  year            = {2012},
  month           = {5},
  howpublished    = {https://www.math.uni-bielefeld.de/~hkrause/krs.pdf}
}

@inbook{Kel96 ,
  author         = {Keller, Bernhard},
  editor         = {Hazewinkel, M.},
  title          = {Derived categories and their uses},
  chapter        = {},
  pages          = {671-701},
  publisher      = {North-Holland},
  year           = {1996},
  volume         = {1}
}

@misc{Kra21,
  author       = {Krause, Henning},
  title        = {Homological theory of representations},
  howpublished = {},
  year         = {2021},
  note         = {draft version of a book project}
}